2190 3850
55 305 140 378 ente
158 319 235 376 non
261 301 339 376 sinc
365 302 543 376 stomacho
558 304 672 378 facere
698 304 808 378 coacti
834 305 971 400 sumus)

58 403 228 486 auferre,
256 402 285 476 si
311 401 416 475 modi)
442 401 484 498 ijs
511 401 609 476 iuxta
637 402 811 478 Censuras
837 417 971 478 nostras

63 501 291 584 emendam,
318 501 424 597 quaim
445 501 675 585 incorrectis,
702 516 741 575 vt
765 504 868 576 anteri
894 529 971 600 per·

63 601 230 673 tinaciter
248 599 298 673 vti
315 597 528 674 maluerint.
576 602 613 676 Si
631 614 747 674 autem
766 603 890 699 (quod
907 603 969 674 im·

62 699 267 772 becillitatis
300 699 462 771 humanae
496 725 667 774 memores
695 701 839 774 euenire
870 727 970 800 posse

61 797 210 871 minime
237 797 465 894 dubitamus)
500 797 624 896 aliquae
658 809 779 875 erron'1
806 799 968 898 reliquie,

60 925 138 995 quae
168 897 393 994 diligentiam
417 907 569 970 nostram
596 899 815 996 effugerint,
844 898 882 972 in
904 899 969 972 hu·

59 996 216 1070 iusmodi
241 995 339 1068 libris
366 997 620 1082 remanserint,
650 998 713 1096 pij,
741 1004 770 1074 dr
795 998 967 1073 Catholici

59 1095 205 1170 lectoris
224 1095 376 1168 officium
392 1095 479 1179 erit,
506 1121 589 1179 eas,
615 1111 722 1194 prout
737 1121 876 1170 necesse
895 1098 969 1171 fue·

59 1196 129 1278 rit,
158 1217 329 1268 resecare.
371 1195 490 1281 Quem
510 1197 697 1292 propterea
714 1208 753 1269 vt
769 1194 812 1267 ad
830 1196 969 1269 eosdem

60 1295 173 1367 libros
197 1293 365 1390 legendos
389 1319 462 1366 non
487 1293 702 1368 oscitanter:
729 1294 788 1368 sed
807 1296 968 1382 cauta&

61 1394 260 1492 prudenter
289 1391 458 1475 accedat,
493 1393 746 1467 admonemus,
802 1393 969 1491 Superest

63 1519 173 1588 nunc,
201 1495 283 1565 vt&
302 1492 398 1588 quod
421 1492 523 1562 datur
540 1491 640 1565 hilari
657 1493 773 1566 fronte
789 1493 966 1592 suscipias,

63 1587 90 1680 du
117 1617 184 1666 nos
211 1591 277 1688 pijs
302 1591 397 1688 apud
424 1591 544 1662 Deum
571 1593 731 1689 precibus
749 1591 871 1666 iuuare
894 1617 966 1666 non

60 1689 251 1788 graneris,
291 1690 362 1787 qud
391 1687 539 1762 faciliils.
557 1691 759 1766 Secundum
793 1691 966 1766 Censura·

60 1817 141 1863 rum
163 1789 334 1871 Tomara,
360 1813 466 1885 quem
493 1788 561 1862 iam
586 1817 658 1888 prae
682 1791 843 1862 manibus
860 1789 965 1864 hube-

61 1917 142 1962 mus
176 1889 342 1962 celeriter
369 1887 531 1962 'emittere
561 1889 748 1960 valeamus.
802 1885 906 1958 Vale.

62 1989 201 2064 Datum
240 1987 364 2060 Romae
400 2011 444 2062 ex
471 1985 604 2060 Palatio
637 1983 845 2084 Apostolico
876 2009 966 2062 anno

60 2085 309 2192 salutis16073
