2212 3848
199 313 259 378 148

191 445 259 483 num
273 424 438 483 cruciandas
453 467 462 494 ,
476 445 539 500 quae
553 419 597 486 est

192 505 307 563 haeresis
320 504 469 562 manifeste
481 547 487 560 .

216 623 219 634 ²
232 631 266 688 In
279 649 301 688 s.
312 614 452 706 Gregorio
466 627 514 685 lli-

307 711 441 767 beritano.

150 800 212 859 Col.
227 800 313 859 1271.
325 801 360 871 C,
374 803 405 857 in
414 799 596 874 inscriptione

189 880 303 957 Operis,
313 883 340 938 dc
352 881 485 956 deinceps
498 881 527 935 in
542 880 597 938 elie

186 962 368 1037 inscriptione
387 961 488 1019 colum.
512 960 596 1016 1273.

141 1101 144 1106 ,
188 1041 341 1100 scribatur
364 1059 493 1116 semper,
521 1038 595 1095 San-

187 1124 227 1179 cti
261 1121 392 1199 Gregorij
427 1119 596 1178 ttiberitanae

187 1205 241 1259 &c
256 1213 318 1278 post
335 1201 530 1280 praefationem
557 1219 595 1256 ex

186 1281 331 1351 Honorio,
358 1284 418 1340 istu
453 1280 593 1352 adiunpc,

185 1361 231 1418 ltu
249 1380 358 1434 quoque
371 1361 517 1416 interitum
532 1358 593 1434 Osij

184 1441 283 1496 retulit
291 1458 315 1496 s.
326 1440 450 1496 isidorus
462 1439 510 1494 lib.
521 1436 556 1494 de
565 1440 594 1495 vi

183 1520 223 1576 ris
237 1520 409 1587 illustribus,
424 1521 452 1574 dc
464 1518 508 1592 nlij
521 1537 529 1586 ;
544 1537 591 1574 ce·

184 1609 276 1656 terum
296 1598 434 1656 eiusmodi
452 1597 592 1678 demorte

185 1678 246 1756 Osij
267 1681 455 1737 narrationem
476 1680 592 1753 acceptis

182 1758 198 1815 (l
211 1759 328 1835 putido,
343 1757 367 1814 δι
380 1775 490 1818 caenoso
503 1757 591 1825 fonte,

182 1857 285 1915 nempe
303 1859 340 1897 ex
359 1840 409 1898 lib.
432 1837 603 1906 Marcellini,

180 1921 356 1996 presbyteri,
377 1919 401 1976 &
420 1919 592 1977 schismatici

181 1999 217 2057 ed
229 1999 434 2058 Theodosium:
450 2001 590 2075 potior5q3

182 2078 589 2154 multoessefiddsAthenasij

179 2159 590 2236 epistadsoliterios,&eliord

180 2238 270 2297 Patrti
280 2243 327 2315 qui
337 2241 439 2298 docent
448 2239 548 2296 Osium
561 2237 591 2294 fn

181 2321 221 2376 cti
240 2323 422 2395 poenitentem
449 2317 589 2376 Orthodo·

178 2417 263 2466 xum,
279 2398 460 2476 &persancte
471 2397 587 2472 obiisse,

177 2476 295 2550 cruditi
340 2477 507 2535 ostenditur
558 2479 588 2532 in

176 2569 345 2628 Annalibus
391 2567 586 2626 Ecclesiasti-

177 2665 220 2721 cis
247 2671 322 2720 tonso
347 2665 375 2720 3.
402 2664 488 2719 Anno
516 2663 585 2721 357.

175 2757 269 2832 cupit.
293 2757 376 2814 id·
426 2759 451 2834 d
504 2773 585 2834 seqq.

178 2847 309 2928 quibus,
343 2853 368 2928 d
406 2843 585 2906 Posseuinus

173 2945 206 3001 in
232 2949 384 3018 apparatu
406 2943 447 2998 cul
467 2959 584 2998 sacrum
634 2983 640 2996 .

174 3033 402 3102 Bibliothecorn,
451 3035 475 3112 dr
510 3031 584 3107 feri

172 3145 268 3186 omnes
282 3129 499 3184 assentiuntur,

425 311 556 376 norror.
574 264 793 378 sssrurum.

647 425 743 502 ptious's
757 423 875 501 'Operis
901 426 958 490 ists
978 428 1061 496 udde,

647 505 800 562 Boronius
815 513 890 564 tonto
903 509 932 565 4.
944 509 1060 566 Annul.

649 585 735 642 Anno
763 586 831 642 388.
860 587 951 662 capit.
974 583 1060 648 100.-

648 662 769 720 Dubitat
780 683 849 722 num
858 684 951 724 errore
962 669 994 724 in
1004 670 1059 726 hec

648 744 828 820 inscriptione
841 747 964 822 positum
982 749 1009 805 si
1022 767 1060 806 no

647 841 713 879 men
734 823 894 896 Placidiae,
919 825 943 881 δι
964 829 1059 902 potius

647 901 799 962 dicendum
812 907 869 976 sit,
880 905 926 964 ed
942 905 1060 966 Gallam

648 983 824 1058 Augustam
838 987 901 1044 hoee
911 987 988 1044 enim
1002 989 1060 1046 fuit

647 1083 716 1120 vxor
747 1063 897 1142 Theodosij
933 1066 1059 1143 Magni,

645 1161 729 1217 quern
742 1144 917 1202 Theodosius
936 1147 993 1204 illis
1001 1175 1005 1192 τ
1013 1149 1059 1206 ier

646 1221 1057 1300 meseporibus,qutbuss.Gre

645 1305 740 1378 gorius
761 1305 838 1362 huno
851 1309 1058 1364 commentarit

644 1383 774 1458 scripsit,
788 1386 818 1442 in
831 1404 945 1442 uxorem
960 1387 1054 1446 duxit.

644 1460 727 1520 Gallu
746 1473 841 1522 eutem
862 1464 977 1524 Placide
997 1468 1054 1526 hu·

642 1542 686 1597 ius
713 1542 825 1613 Gellae,
853 1544 878 1600 dr
901 1544 1052 1624 Theodoeij

643 1619 978 1693 filietunc,veluondum
987 1635 1055 1686 nete

641 1711 711 1772 eret,
721 1705 764 1760 vel
774 1706 894 1762 nimium
903 1705 1008 1776 infans,
1018 1727 1053 1766 ec

640 1781 747 1840 lactens
756 1795 832 1843 eret.
846 1783 888 1841 Et
900 1788 1053 1846 verisimile

642 1871 685 1918 est
699 1863 893 1940 sssGrsgorium
908 1867 1001 1942 potius
1015 1869 1052 1926 sd

641 1939 754 1999 Gallam
778 1955 894 2002 matrem
916 1946 1053 2007 Plocidiae

639 2020 788 2101 Theodosij
801 2024 949 2100 coniugem
961 2029 1053 2104 scrip·

638 2103 719 2174 sisse,
730 2105 803 2178 quod
813 2105 932 2180 ipsemet
942 2105 1053 2168 Auctor

638 2181 720 2239 initio
740 2185 834 2242 stetim
849 2183 954 2262 Operis
976 2185 1051 2245 affir-

639 2272 717 2330 met,
738 2264 815 2321 illem
830 2265 865 2321 ed
879 2284 910 2322 se
924 2267 1051 2328 scribere

637 2340 782 2416 dignatam
793 2363 829 2402 ex
841 2363 960 2420 persone
971 2348 1050 2408 haere

638 2422 766 2492 ticorum,
777 2425 850 2500 quod
865 2426 895 2482 in
907 2425 1051 2486 infantulis

638 2499 793 2561 Plecidiem
814 2515 973 2580 competere
990 2527 1049 2566 ue-

637 2583 716 2654 quit,
740 2582 842 2645 deinde
861 2585 945 2644 Galla
958 2599 1050 2647 meter

631 2661 762 2720 ⁸antidoto
789 2666 845 2722 isto
871 2664 1050 2740 Gregorleno

637 2740 770 2800 aduersus
780 2743 975 2806 Ariouismum
988 2749 1050 2808 indi

634 2821 731 2896 gebat,
741 2825 814 2898 quod
827 2824 884 2882 filie
892 2824 948 2884 fuit
960 2827 1049 2889 lusti-

637 2919 684 2959 nae
694 2905 788 2962 uxoris
799 2905 975 2965 Valetiuinni
984 2927 1047 2968 tne-

633 2983 715 3050 roris,
730 2982 855 3042 formium
864 2985 1046 3060 Arisuismae,

633 3062 706 3118 &ab
719 3063 816 3122 cedem
836 3067 866 3121 in
881 3063 1047 3128 Arianismo

631 3140 760 3202 educate.
783 3144 861 3223 Ipsos
875 3155 906 3206 tu
916 3145 1046 3208 Annales

132 3223 243 3284 Colum.
274 3222 361 3279 1273.
390 3233 452 3297 post
478 3222 578 3279 inscri—
628 3222 709 3280 edito.

908 3304 1002 3370 Porcii
