2190 3850
424 289 570 378 Prefcrm
886 284 951 349 lxix

27 413 98 474 enim
113 435 188 475 non
211 414 353 495 proponit
371 417 543 476 sententiam
563 435 645 476 suam
664 422 697 475 vt
717 413 882 474 necessario
903 434 948 472 sea

25 495 194 572 quendam,
221 495 276 552 sed
295 494 395 554 solirm
415 503 559 574 quatenus
578 494 652 552 ratio
669 493 793 556 suadet:
816 499 846 550 at
857 491 946 550 iudex

28 573 174 649 proponit
197 579 239 630 vt
263 573 445 650 sequendam
470 569 863 648 necessarib..Augustinus
889 570 944 646 igi·

24 657 75 722 tur,
91 651 119 705 δι
136 649 244 709 ceteri
255 650 356 710 Patres
370 650 400 710 iu
412 651 627 710 commentariis
637 649 836 726 fungebantur
847 648 945 708 officio

21 724 200 788 Doctorum
215 751 224 786 ε
247 735 279 786 at
292 728 435 800 Concilio,
456 729 481 784 &
500 728 656 787 Pontifices
668 729 833 804 funguntur
846 727 944 785 officio

21 803 129 864 iudicis
149 809 173 864 a
198 806 270 864 Deo
283 805 341 864 sibi
354 807 519 865 commisso.
541 807 691 883 (Bellarm.
706 803 858 868 DaoorIm
871 804 942 866 Dei.

21 879 84 943 Lib.
102 881 174 943 ΙΙΙ,
195 884 274 962 Cap.
289 883 329 945 X.
345 885 400 944 col.
413 885 498 958 mihi,
514 884 596 962 199.)
636 883 699 942 Nec
716 904 771 942 nos
792 883 830 942 ad
844 883 944 944 omnia

24 968 176 1036 tenemur,
234 982 271 1036 up
302 963 335 1020 in
365 962 487 1022 ecclesia
517 961 666 1040 primitiua
713 970 787 1022 atres
811 970 942 1062 egerunt.

25 1039 150 1112 lAEneas
174 983 317 1111 Silvium
338 1039 388 1099 cit.
409 1039 584 1119 EspencaeO,
602 1041 634 1098 in
655 981 723 1098 Lib.
746 1039 797 1097 Do
817 1039 941 1098 Contio.

23 1115 47 1175 l.
64 1139 97 1195 p.
123 1120 202 1176 129.
228 1117 322 1177 Paris.
339 1119 433 1195 1565.)
477 1119 610 1186 Qualiter
622 1116 744 1194 praecipi
756 1123 861 1194 potest,
876 1137 945 1176 cum

27 1204 171 1254 sanctorfi
198 1205 320 1273 patrum
342 1196 495 1256 sententiae
516 1215 596 1274 saepe
614 1195 742 1253 inuicem
760 1200 946 1272 repugnent?

23 1273 160 1347 (Alfons.
176 1273 219 1332 de
228 1273 343 1345 Castro,
351 1275 475 1334 adnare.
487 1275 597 1334 torres.
608 1271 675 1333 Lib.
689 1277 713 1331 l.
730 1271 800 1350 Cap.
812 1271 882 1332 Vll.
891 1273 943 1332 fol.

32 1352 73 1410 15.
96 1351 199 1411 Paris.
216 1351 384 1423 MDXLI.)
424 1352 515 1419 Quod
532 1352 603 1411 crim
624 1359 792 1412 sanctorum
809 1351 944 1430 quisque,

30 1425 74 1486 his
92 1427 251 1490 duntaxat
260 1431 402 1508 exeeptis,
419 1431 473 1508 qui
492 1429 583 1490 libros
601 1431 757 1490 canonicos
778 1429 944 1502 ediderunt,

34 1505 140 1586 spiritu
161 1508 260 1568 fuerit
274 1509 406 1567 humano
418 1510 544 1581 locutus,
567 1509 591 1565 &
611 1508 770 1588 aliquando
791 1508 838 1566 vel
859 1508 946 1568 ineo

33 1585 144 1660 errarit,
166 1587 257 1666 quod
277 1587 315 1645 ad
335 1587 423 1646 fidem
445 1595 574 1664 spectare
593 1595 695 1664 postea
713 1587 945 1646 demonstratum

31 1669 90 1720 est:
107 1665 216 1742 aperte
227 1667 345 1724 c'onstat
356 1686 393 1723 ex
401 1665 572 1725 huiusmodi
583 1666 754 1730 auctoritate
763 1665 945 1741 exploratam

37 1739 123 1800 fidem
142 1743 213 1802 fieri
235 1763 298 1802 non
322 1763 417 1822 posse.
439 1744 541 1822 (Melo.
561 1742 670 1812 (lanus,
693 1742 744 1801 Da
763 1744 819 1802 loc.
837 1742 942 1802 Tleol.

33 1813 97 1875 Lib.
111 1818 186 1879 vll.
204 1821 280 1899 Cap.
296 1823 323 1879 3.
336 1842 363 1899 p.
376 1823 442 1881 246.
459 1822 597 1881 Salmant.
613 1819 809 1892 MDLXIII.)
851 1820 943 1879 Prisci

36 1893 79 1952 illi
91 1897 288 1958 ecclesiarum
298 1899 430 1976 magistri
440 1919 501 1960 non
510 1899 588 1958 nihil
600 1898 749 1957 interdum
763 1899 780 1954 a
793 1897 943 1974 proposito

38 1973 165 2034 veritatis
181 1997 277 2055 scopo
290 1975 497 2038 aberrauerint.
538 1975 657 2053 Again3
678 1974 716 2033 In
732 1972 818 2034 libris
828 1983 943 2034 saucto-

38 2067 100 2110 rum
112 2053 294 2129 doctorum,‘
303 2075 378 2132 quos
399 2054 566 2115 authentice
587 2052 658 2130 legit
675 2051 808 2125 ecclesia,
828 2060 942 2111 nonnu-

39 2145 125 2262 ἔξω
138 2131 337 2268 inrppnipntur
346 2135 486 2270 l‹ppaedarp
497 2130 832 2268 prapabpelqhaeretioa.¹
857 2131 940 2268 (pixbt.

41 2226 403 2364 villiurlffllbm
424 2221 593 2348 ‘lllllurl
615 2219 942 2348 lerililelploluri

41 2376 129 2450 sacrae
141 2367 299 2444 scripturae
309 2387 474 2442 sensumex
487 2368 543 2426 hoc
557 2387 580 2444 p
616 2367 752 2425 'ssonata
760 2366 865 2444 priscis
874 2366 945 2426 doc-

40 2438 162 2502 toribus.
196 2445 376 2519 (Caietanus,
403 2445 437 2502 io
457 2444 674 2517 Pentateucb„
693 2444 745 2504 fol.
767 2447 795 2504 2.
822 2443 942 2517 Romae,

46 2511 240 2597 MDXXXI.)
261 2545 265 2552 ’
284 2523 353 2582 Non
366 2543 441 2600 nego
453 2544 500 2584 me
510 2523 600 2582 huius
613 2521 860 2601 interpretationis
874 2543 943 2582 auc·

43 2599 133 2654 torem
146 2601 295 2659 neminem
304 2600 421 2672 habere,
434 2601 487 2658 sed
500 2602 577 2661 hanc
587 2599 622 2658 eb
634 2601 727 2678 magis
737 2599 841 2689 probo,
853 2602 945 2680 quim
1065 2629 1071 2634 ·

45 2667 123 2730 illam
131 2674 253 2736 alteram
268 2678 437 2755 Augustini.
449 2679 547 2758 .qubd
558 2679 625 2736 haec
634 2698 703 2736 oum
717 2677 946 2738 Caluinrstarum

48 2765 132 2811 sensu
149 2757 242 2832 magis
264 2763 374 2832 pugnet
388 2778 396 2827 ;
404 2757 498 2891 1ᾃυοά
511 2754 586 2814 mihi
598 2775 738 2832 magnum
751 2764 796 2814 est
808 2756 946 2835 probabi·

48 2821 136 2885 litatis
152 2839 365 2908 argumentum.
378 2838 401 2912 1(
438 2835 577 2907 aldonat.,
592 2833 626 2890 lo
636 2835 728 2893 Ioao.
741 2832 811 2912 (lap.
821 2834 873 2894 VI.
888 2835 944 2894 ool.

53 2898 113 2960 732.
130 2905 254 2989 Mvssip.
270 2911 464 2990 MDXCVJ.)
503 2911 567 2990 Ego
578 2918 612 2971 ut
626 2911 751 2990 ingenue
764 2913 866 2986 fatear,
880 2914 948 3003 plus

705 3009 706 3012 ¹
857 3011 910 3050 vm

84 3125 285 3190 'pestanensi
298 3145 397 3191 Dissert.
416 3145 444 3191 de
463 3145 501 3190 lib.
523 3145 611 3192 Gentil.
631 3149 673 3194 &c
689 3150 793 3209 permitt.
812 3149 953 3194 Protestant.

57 3207 102 3241 varo
111 3203 269 3256 protrusus.
280 3209 301 3256 3.
313 3224 335 3269 p.
349 3209 388 3255 48.
407 3209 506 3258 Amstel.
522 3210 593 3256 1619.
698 3217 703 3224 “
