2218 3840
214 346 275 409 168
426 341 515 406 Bibl.
533 341 640 408 Sanct.
659 341 802 406 Patrem.

205 453 382 530 perspicuum
399 461 605 527 argumentum.
661 452 763 527 prodit.
780 451 894 526 integro
904 451 984 510 euim
995 451 1064 510 libro

206 531 290 598 Quod
310 551 375 588 cum
397 534 426 588 in
442 533 531 589 tribus
545 534 607 589 istis
660 532 733 588 nihil
750 531 826 588 aliud
839 541 957 588 conatur
968 543 1064 588 usten-

204 613 391 670 voluminibus
403 614 523 688 scriptor
533 622 607 669 totus

660 611 738 682 dere,
753 601 838 686 quani
849 611 969 672 diuitem·
986 611 1063 670 homi

203 693 285 748 sitin
299 691 425 768 Operum
443 693 608 750 commenda
660 708 727 748 nem
740 709 776 748 ex
792 691 855 749 Deo
869 710 1009 760 nonesse,
1021 703 1062 750 to-

176 760 192 784 ⁰
205 773 291 840 tione;
302 791 446 847 nunquam
459 777 534 828 tame
548 791 606 828 me-

203 852 606 928 minitdiuiuegretiae,velmi

203 932 284 988 nimii
296 933 437 1008 quidpiam
452 934 478 990 ei
489 932 605 990 tribuit:

203 1011 254 1068 sed
267 1014 362 1070 omnia
380 1013 468 1070 libero
482 1013 603 1070 arbitrio.

204 1091 606 1168 Etputabimusr.Sixtum'mi

203 1171 606 1248 rificumdiuinaegrntievindi

189 1251 605 1322 -cem‚&essertoremitesilen

202 1333 242 1389 tio
255 1334 388 1409 sepelisse
402 1331 533 1407 gratiam?
547 1343 604 1407 atq;

201 1413 241 1467 ita
249 1414 372 1486 potuisse
384 1415 410 1468 &
420 1413 506 1486 loqui,
516 1411 540 1466 δι
549 1414 605 1469 scri

203 1490 267 1546 bore
277 1489 290 1547 i
299 1491 356 1548 Sed
367 1491 448 1548 initio
458 1491 604 1565 singulorfi

200 1569 334 1627 librorum
352 1571 443 1628 vicera
456 1568 604 1644 Pelagiani

200 1650 304 1706 erroris
314 1649 515 1708 indicabimus.
538 1649 604 1716 Quo

200 1731 276 1786 circa
289 1730 391 1787 meriti)
404 1731 456 1788 viri
470 1728 562 1797 docti,
578 1730 602 1785 dr

201 1808 340 1869 Catholici
353 1811 454 1886 questi
472 1809 603 1866 videntur

200 1889 234 1946 de
248 1889 370 1960 Solonio,
384 1889 423 1965 qd
436 1890 513 1964 absq;
529 1892 602 1946 maio

199 1971 222 2027 ri
232 1970 438 2046 delectumque
449 1970 552 2026 iudicio
564 1968 602 2037 Pe

199 2050 326 2124 legiones
353 2052 520 2128 scriptiones
549 2051 602 2106 sub

199 2132 271 2188 tenti
282 2131 409 2190 Potificis
426 2130 500 2188 sixti
514 2130 601 2205 glorio

196 2228 232 2266 so
246 2213 359 2270 nomine
372 2211 576 2288 publicauerit.

200 2285 316 2350 Addito
341 2291 474 2351 Annales
496 2289 599 2347 Eccle-

198 2368 333 2428 siotticos
358 2371 445 2430 Tomo
465 2370 599 2439 Quinto,

198 2447 286 2505 Anno
309 2451 380 2506 440.
408 2450 544 2523 cupiti.
574 2449 599 2526 d

199 2527 397 2606 sequentibus.

161 2603 302 2663 Columna
325 2608 395 2664 781.
435 2605 600 2682 Jnscriptto

201 2685 272 2743 libri
285 2688 321 2744 dc
336 2686 468 2762 Diuitijt
486 2687 531 2742 itu
546 2706 600 2760 po-

200 2773 303 2832 natur,
315 2764 418 2823 Sancto
435 2766 518 2824 Sixto
530 2765 599 2824 Ter·

200 2846 239 2901 tio
277 2845 408 2903 Pontifici
447 2846 599 2916 Maximo,

197 2943 341 3002 perperam
377 2927 528 3002 inscriptus
563 2928 598 2983 li-

198 3004 247 3060 ber
268 3004 303 3061 de
326 3005 465 3082 Diuitijs‚
488 3007 513 3084 d
535 3014 597 3062 stu·

199 3085 597 3162 timupponaturanlidolus,

196 3163 267 3221 Toto
281 3167 333 3222 hoc
346 3166 415 3223 libro
435 3166 519 3222 nimis
533 3187 599 3242 aper

197 3241 236 3316 te,
250 3263 280 3303 se
294 3245 400 3304 Auctor
414 3246 597 3321 Pelagiuuum

661 781 761 846 tueque
773 772 804 828 in
817 790 850 828 oo
862 781 915 840 est,
925 773 1063 847 reprobet

660 845 1063 927 impossibilee'ssediuitemlro

660 933 766 988 minem
781 930 837 987 Dei
850 941 989 1008 praecepta
1000 951 1064 988 ser-

659 1029 737 1080 uare,
752 1010 838 1068 immo
849 1010 873 1065 dr
884 1031 981 1071 omnes
990 1015 1063 1085 quit·

658 1091 703 1148 uis
735 1109 914 1148 numerosam
955 1093 1064 1166 prolem

659 1170 807 1240 habentes,
822 1172 846 1227 si
856 1170 1004 1230 saluiesse
1015 1191 1062 1228 re·

658 1251 730 1318 lint,
749 1252 840 1308 teneri
860 1251 974 1310 diuitias
997 1252 1063 1308 abdi

659 1329 1063 1408 cere,&reddipaupere5,qui

658 1410 713 1468 luit
723 1409 972 1486 errorPelagij;Sic
983 1414 1061 1468 enim

657 1491 1061 1548 sextushaeresumeiusarticu

656 1570 701 1626 lus
719 1571 749 1627 in
764 1569 891 1626 Concilio
903 1570 1063 1646 Diospolita

656 1669 693 1707 no
707 1649 908 1708 condemnatus
918 1649 1015 1726 aperti
1026 1657 1061 1707 co

654 1729 738 1786 tinet.
755 1729 864 1799 Sexto,
893 1729 917 1784 tc
945 1729 1061 1788 Diuites

656 1809 830 1886 baptizatos,
857 1810 913 1866 nisi
928 1811 1061 1867 omnibus

656 1890 861 1946 obrenuncient
876 1931 884 1960 ‚
898 1889 1011 1964 siquod
1025 1891 1074 1948 bo.

656 1970 686 2026 ni
700 1971 752 2026 visi
766 1971 872 2027 fuerint
882 1969 985 2037 facere,
1001 1989 1060 2028 non

656 2051 780 2126 reputari
793 2050 866 2120 illis,
881 2067 933 2108 nec
944 2067 992 2106 eos
1006 2051 1060 2110 ha-

656 2129 720 2186 bere
734 2148 815 2205 possa
830 2129 964 2204 Regnum
990 2129 1060 2199 Dei,

653 2210 720 2266 adde
763 2209 905 2268 Sanctum
951 2207 1059 2285 Anyti·

651 2290 760 2346 utinum
776 2289 853 2346 libro
876 2291 904 2344 2.
932 2289 968 2344 de
986 2309 1060 2367 ,pec-

652 2377 719 2426 cato
736 2368 877 2443 oripinolr'
897 2368 990 2445 cupit.
1010 2370 1060 2428 ll.

653 2450 678 2582 ἴ
711 2449 849 2523 Epistola
882 2449 924 2506 ad
969 2447 1060 2509 Paa-

666 2528 745 2584 inum
785 2547 851 2606 quta
891 2535 937 2586 est
986 2529 1058 2588 106.

653 2604 691 2664 Et
700 2610 829 2682 quamuis
839 2617 1020 2681 cunctequae
1029 2610 1059 2666 in

654 2687 707 2744 hnc
720 2705 805 2744 causa
826 2689 896 2746 liber
917 2689 971 2744 iste
992 2707 1058 2764 pru-

653 2767 718 2837 fert,
732 2778 846 2843 possent
866 2778 1012 2842 uteunque
1027 2770 1059 2826 in

653 2845 834 2904 catholicum
855 2847 977 2921 aliquem
990 2865 1056 2906 san·

652 2945 714 2982 sum
729 2927 835 2997 reduci,
849 2927 921 3002 quod
932 2945 991 2984 non
1002 2926 1058 2990 nisi

639 3007 796 3080 egerium,
818 3018 867 3064 aut
883 3025 922 3065 ns
933 3007 983 3066 rix
998 3007 1057 3067 lieri

651 3096 757 3160 queat,
784 3088 848 3162 quis
874 3105 998 3161 unquam
1027 3088 1056 3143 in

651 3168 776 3222 animum
805 3165 921 3224 inducet
946 3185 1056 3234 suum,

649 3257 778 3305 sanctum
805 3245 920 3304 Sixtum
944 3244 1055 3322 Papam

954 3335 1017 3384 tem
