2212 3848
281 329 436 394 Biblioth.
443 331 558 396 Sonat.
569 331 714 395 Patrem.

89 453 122 495 so
136 457 213 504 vera,
228 440 255 494 a
267 437 443 507 Orthodoxm
457 458 496 496 ua

89 529 155 576 tura
164 520 298 589 verbine!
310 519 444 576 diuinitas
452 531 496 577 est

71 599 248 672 ⁸incarnata.
276 600 325 657 Sic
339 599 415 656 enim
430 598 494 657 locu

91 698 139 747 tos
149 692 244 748 conat
258 709 282 749 s.
295 689 495 749 Athanasium

89 801 117 840 a.
134 779 302 857 Cyrillum,
325 802 397 861 quoa
419 785 496 842 citat

89 893 113 934 s.
136 873 262 931 Ioannes
290 875 495 934 Damasceaus

90 969 146 1029 tib.
170 973 199 1029 3.
224 973 261 1028 de
277 973 346 1046 fida
368 972 515 1047 copit.6.'

90 1084 115 1123 s·
132 1065 327 1146 Fadperrtium
347 1075 441 1146 quast.
465 1069 494 1124 2.

49 1146 52 1152 ’
90 1160 134 1217 ad
155 1158 354 1229 Fer-randum,
392 1159 496 1218 Conci-

90 1251 167 1309 lium
209 1251 409 1316 lateranense
443 1252 496 1313 snb

90 1343 232 1402 Martino
263 1344 368 1403 Primo
398 1346 495 1405 Cano·

50 1485 52 1496 .
89 1456 127 1493 aa
144 1439 171 1494 5.
202 1435 329 1494 Petram
356 1438 512 1500 Dioscuri,

94 1528 170 1586 libro
184 1528 221 1584 de
235 1527 447 1587 Incnrnotioae
461 1549 496 1589 co

13 1671 14 1676 ,
51 1647 54 1651 ·
85 1624 190 1698 pitulo
204 1624 234 1681 2.
257 1641 280 1680 s.
302 1621 450 1680 Thamara.
466 1625 494 1680 3.

51 1723 55 1733 ’
86 1735 121 1792 p.
139 1737 168 1796 q.
185 1718 213 1774 3.
225 1715 314 1772 artic.
331 1717 359 1773 2.
374 1715 495 1795 §salina

50 1811 53 1818 '
91 1797 125 1856 Si
140 1797 255 1871 quidem
278 1795 354 1852 hunc
382 1815 517 1852 sensum·

93 1877 274 1934 Cathoiicum
292 1877 413 1954 accipit;
435 1877 494 1933 Na-

93 1969 157 2014 tura
170 1957 267 2013 diuina
282 1967 325 2012 est
339 1957 495 2026 incarnata,

93 2039 169 2095 idest
181 2039 259 2093 unita
272 2037 359 2101 carni,
375 2038 417 2093 vel
430 2039 497 2110 quia

92 2118 495 2192 naturamcarnisassumpsit.

92 2197 312 2273 Ceterum,quia
322 2195 496 2272 Eutychiani

52 2291 55 2298 '
93 2298 156 2337 eam
171 2278 398 2354 propositionem,
412 2296 495 2335 vnam

92 2371 223 2416 naturam
232 2356 497 2415 Deiverbiincarna

53 2449 56 2457 '
93 2451 290 2515 tam,prauo,
317 2439 346 2492 dr
371 2437 496 2511 heretico

92 2538 180 2578 sensu
194 2518 406 2592 detorquebant,
417 2519 496 2592 quasi

50 2637 55 2644 ·
92 2603 124 2657 in
138 2599 255 2657 Christo
278 2608 333 2652 non
349 2608 424 2654 esaat
441 2599 496 2656 nisi

51 2726 54 2732 .
92 2699 149 2737 una
160 2689 260 2736 natura
273 2678 388 2743 diuina,
401 2679 431 2733 in
441 2680 498 2752 qua

94 2757 496 2818 conuereafuerituaturahu·
522 2815 524 2820 ,

48 2887 53 2894 .
93 2861 189 2910 mana,
200 2839 278 2895 nullo
286 2848 369 2912 pacto
380 2838 499 2895 serenda

50 2957 57 2966 -
94 2933 139 2978 est
160 2923 191 2977 in
206 2917 385 2992 Eutychiana
406 2919 496 2974 homi-

95 3021 142 3070 ne,
157 2999 246 3076 qualis
257 2997 311 3055 tuit
322 2995 497 3066 Maxentium

95 3081 252 3140 nemetiam
264 3077 417 3134 Dioscorus
431 3097 497 3136 cum

94 3162 130 3218 ab
153 3158 327 3218 Orthodoxie
352 3157 498 3233 Episcopis

94 3261 126 3300 aa
140 3260 171 3299 se
184 3239 347 3304 diuellarit,
372 3239 452 3296 dixit
467 3239 497 3295 ia

850 330 930 400 131.

553 437 684 496 Concilio
723 434 955 495 ctntcedonenst

548 527 687 606 adfinem
703 530 831 594 actionis
845 531 871 588 l.
883 538 954 588 ante

527 673 531 680 .
547 624 672 682 action2
689 621 953 680 Concidconrtan·

550 715 670 792 tiaopol.
687 715 748 791 Ego
763 729 856 773 autem
868 718 950 773 testi·

549 813 644 869 monia
670 813 759 869 habeo
782 813 952 870 Sanctorum

549 907 666 966 Patrutu
678 908 826 985 Athanasij
838 910 951 986 Grego-

551 990 597 1064 rij,
612 988 712 1065 Cyrilli
726 992 754 1045 in
766 992 860 1046 multis
871 991 950 1060 locis,

550 1071 617 1143 quia
644 1089 701 1124 non
727 1080 836 1146 oportet
858 1070 952 1127 dicere

549 1159 613 1224 poet
627 1149 824 1204 adunationem
838 1149 906 1205 duas
916 1170 953 1206 na

551 1245 639 1298 taras,
658 1227 708 1284 sed
720 1247 804 1284 vnnm
824 1239 954 1285 naturam

551 1307 609 1364 Dei
623 1309 699 1366 verbi
711 1309 895 1366 incarnatam.
907 1308 953 1378 En

549 1391 701 1464 posteriora
713 1390 797 1446 verba
815 1391 953 1465 ipsissima

549 1469 871 1547 suntMaxentijpriora
887 1472 953 1528 dolo

550 1549 653 1624 perfido
673 1551 778 1620 omisit,
793 1552 837 1608 vel
860 1553 953 1626 potius

548 1631 712 1699 occultauit,
726 1650 790 1705 quae
805 1643 897 1688 tamen
908 1634 952 1688 iu-

550 1712 637 1786 telligi
651 1710 756 1767 uoluit:
779 1711 886 1767 Eodem
903 1731 953 1786 pa·

549 1803 595 1846 cto
618 1791 736 1846 Armeni
760 1802 890 1847 errantes
911 1792 952 1847 lo-

549 1871 717 1942 quebantur,
732 1871 778 1943 qui
793 1881 887 1925 tamen
903 1889 953 1927 no-

551 1949 647 2006 lebant
661 1949 755 2004 vidare
769 1947 953 2024 Eutychiani,

550 2085 626 2146 quas
664 2065 823 2142 rednryaz't
862 2065 954 2122 Theo-

550 2149 655 2204 rianas
671 2145 755 2221 infra
767 2146 871 2202 colum.
883 2146 953 2204 903.

551 2229 593 2295 D,
613 2245 670 2306 qao
691 2228 771 2283 circa
789 2225 953 2306 prudenter

550 2327 574 2364 s.
610 2307 816 2364 Damascenus
852 2305 953 2382 Euty·

549 2387 722 2446 chionontm
774 2389 953 2463 imposturas

549 2470 688 2542 deteneat
711 2468 763 2524 lin.
782 2469 863 2544 fidei
895 2468 953 2525 Or-

552 2549 631 2606 tltod.
647 2567 672 2607 c.
691 2549 737 2605 11.
754 2548 813 2606 ltaec
830 2551 954 2619 monuit,

552 2676 591 2734 At
618 2675 691 2750 quod
717 2675 849 2733 diuinitas
871 2679 954 2733 homo

551 2757 635 2823 sacta,
658 2765 706 2812 out
729 2758 873 2814 incarnata
891 2759 953 2826 sit,

551 2849 601 2894 aut
616 2837 791 2894 humanitate
813 2857 844 2894 se
869 2837 954 2894 indue

552 2919 591 2974 rit
618 2935 755 2990 nusquam
782 2917 953 2974 audiuimus.

552 2997 623 3054 lllud
643 3031 647 3040 ·
666 2994 743 3054 certia
781 2998 955 3065 didicimus,

552 3077 743 3134 Diuinitatem
794 3079 954 3136 hnmanita-

552 3161 574 3215 ti
602 3160 632 3214 iu
665 3176 719 3214 vna
746 3175 861 3212 suarum
891 3175 955 3231 per·

551 3255 683 3296 nouarum
725 3235 830 3294 vetitam
865 3254 954 3303 esse,

887 3319 911 3391 d
