2190 3850
436 298 583 386 Prry‘occ.
898 301 962 366 xlix

57 422 153 484 under
177 425 308 485 mercios
328 424 477 486 exhibited
500 427 532 486 in
554 427 614 488 this
637 411 854 489 Euchiridion:
886 429 963 490 Haeo

57 503 198 563 eorrectio
224 505 404 564 vniuersalis
430 504 597 564 Bibliorum
623 507 722 586 quoad
748 507 915 579 summaria,
939 508 964 564 δι

56 580 175 656 scholia,
187 583 215 638 δι
225 601 300 654 non,
312 583 416 661 quoad
426 585 636 643 correctionem
647 593 760 644 textus:
777 585 962 664 quiaBihlia,

56 677 109 734 qne
123 661 276 720 deficiunt
284 661 316 720 in
329 669 421 736 textu,
435 661 518 720 iuxta
531 661 645 724 Concil.
659 663 789 723 Trident.
805 685 874 723 sess.
891 667 918 722 4.
930 665 962 723 in

53 736 127 796 decr.
152 739 192 796 de
216 759 279 798 vsu
299 759 407 798 sacror.
426 738 494 799 libr.
516 760 629 818 semper
650 741 813 800 comburo:
836 743 861 798 dr
884 743 962 800 facio
1018 747 1022 763 '

54 815 291 892 experimentum
300 817 332 875 in
346 819 373 877 3.
385 837 448 894 cap.
464 818 596 878 Genesis.
611 817 663 878 vbi
676 819 845 891 inueniain
854 821 962 880 sudore

53 893 151 952 vultus
166 895 226 966 tui,
242 896 372 954 vesceris
384 915 468 973 pane,
482 896 576 954 donec
592 897 747 956 reuerteris
764 898 796 956 in
815 902 913 957 terra:
936 898 961 958 a

52 975 89 1026 no
103 971 188 1047 dicit,
203 973 239 1031 in
259 973 368 1032 sudore
385 974 486 1032 vultus
500 975 545 1032 tui
557 976 685 1034 vesceris
702 983 851 1052 panemo,
866 976 960 1035 donec

55 1047 102 1106 &a
117 1069 172 1126 ego
187 1051 257 1110 sine
275 1051 457 1124 remissione,
478 1060 628 1130 tamquam
649 1061 763 1112 textum
781 1072 831 1112 svs
885 1063 960 1128 tum,

54 1143 111 1184 non
123 1134 248 1187 transeo
257 1129 298 1187 ad
312 1130 406 1207 ipsam
419 1130 614 1204 censurandc‚
623 1131 673 1188 sed
685 1131 832 1206 igniendo.
888 1187 890 1194 ,

92 1203 156 1263 The
170 1207 330 1284 following
342 1227 414 1285 very
425 1187 609 1267 remarkable
622 1227 744 1285 passage
760 1208 786 1266 is
805 1208 837 1266 in
848 1207 868 1267 f.
881 1209 939 1266 218
952 1230 959 1268 ε

55 1279 195 1342 Finaliter
208 1302 398 1362 summopere
411 1305 481 1344 caue
492 1287 510 1344 a
521 1285 651 1364 quodam
661 1284 748 1359 libro,
759 1285 843 1344 cuius
856 1285 961 1345 titulus

57 1367 100 1416 est
110 1359 207 1434 index
220 1362 370 1422 librorum
384 1364 631 1440 expurgadorum
645 1364 814 1440 impressus,
830 1363 960 1438 Madriti‚

57 1453 104 1512 per
123 1438 286 1500 Alfonsum
307 1441 480 1500 Gomezium
498 1441 555 1500 sub
571 1461 648 1500 anno
673 1442 757 1502 1584.
779 1463 846 1500 cum
860 1443 960 1520 potius

57 1515 235 1579 credendum
249 1519 292 1578 sit
303 1519 381 1578 falso
395 1519 576 1596 adscriptum
593 1540 655 1578 esse
674 1519 706 1578 in
726 1541 761 1578 eo
774 1521 805 1579 in
821 1521 873 1579 tali
886 1520 959 1580 ciui-

60 1597 133 1652 tate:
155 1595 180 1650 &
203 1617 258 1674 per
277 1597 390 1656 dictim
414 1597 571 1656 Alfonsum
592 1597 766 1674 impressum
790 1598 903 1656 fuisse:
925 1619 959 1678 ac

60 1669 142 1730 etiam
160 1673 239 1734 falso
263 1675 448 1752 adscriptum
468 1695 531 1734 esse
544 1676 617 1734 tanti
630 1677 768 1810 supremi,
783 1675 960 1734 &catholici

63 1753 290 1812 senatusordine
300 1753 485 1830 impressum,
496 1773 529 1811 ao
543 1753 580 1812 ab
593 1773 628 1812 eo
641 1774 657 1812 e
677 1755 761 1813 itum.
796 1753 860 1811 The
873 1773 960 1812 cause

61 1825 94 1882 of
109 1827 408 1891 the-condemnation
429 1832 465 1890 of
480 1831 546 1890 that
572 1831 674 1890 Index.
690 1851 810 1910 appears
830 1838 861 1890 to
884 1831 960 1890 have

61 1898 207 1966 hsenthia
250 1909 340 1968 Some
353 1909 447 1968 works
461 1909 496 1966 of
506 1909 573 1969 Car.
588 1909 760 1981 Molinaeus‚
774 1929 791 1966 a
803 1908 913 1967 heretic
928 1910 963 1966 of

65 1979 112 2038 the
125 1984 188 2044 first
204 1987 296 2059 class,
310 2005 384 2045 were
402 1987 526 2045 allowed
544 1985 586 2064 by
604 1987 629 2044 it
645 1994 676 2043 to
698 1985 736 2042 he
753 1985 823 2044 read
836 1985 960 2044 without

63 2061 216 2122 correction
228 2064 248 2136 ;ἰ
266 2065 455 2142 particularly
468 2065 516 2123 his
532 2063 700 2122 Commeat.
714 2072 959 2138 superauerunt.

67 2132 186 2204 Portas
206 2143 271 2201 aad
294 2142 389 2220 again,
403 2163 446 2200 we
457 2162 505 2200 are
517 2141 592 2214 told,
611 2141 745 2200 similiter
763 2141 794 2200 in
812 2142 960 2216 practica

66 2208 197 2290 Papira!
216 2227 309 2293 errat,
332 2224 415 2298 (nam
433 2220 570 2300 quamuis
590 2219 622 2278 in
639 2239 673 2278 ea
692 2219 835 2278 nonnulla
849 2219 957 2294 deleat)

65 2295 154 2352 lamen
165 2316 235 2374 quae
248 2298 418 2357 annihilant
433 2307 541 2356 statum
554 2297 784 2356 ecclesiasticum
796 2317 857 2355 non
871 2297 956 2374 delet.

64 2363 93 2426 lt
100 2369 123 2428 is
135 2373 203 2434 then
215 2376 292 2446 said,
305 2376 370 2434 that
382 2376 432 2434 the
444 2375 525 2450 book
537 2375 562 2434 is
576 2375 700 2452 directly
713 2383 850 2452 contrary
864 2383 895 2434 to
904 2375 956 2434 the

65 2441 155 2512 111de
165 2453 199 2510 of
207 2455 258 2512 the
270 2453 398 2513 Cauneil
408 2455 443 2512 of
452 2454 556 2524 'I'rent3
569 2453 666 2513 which
675 2455 703 2512 is
711 2454 780 2513 thus
791 2453 956 2532 explained,

68 2522 111 2595 lud
122 2525 270 2605 lectorem,
290 2532 324 2590 in
344 2532 428 2604 fine.)
470 2531 615 2592 Praeterea
632 2532 779 2591 deelaraui
792 2551 844 2609 per
857 2531 956 2610 publi-

64 2614 127 2660 cum
140 2605 287 2668 decretum
309 2628 363 2686 ego
383 2609 523 2668 minimus
542 2609 618 2668 inter
630 2609 792 2686 Deputatos
813 2629 867 2686 pro
880 2610 957 2668 reui-
987 2679 990 2684 Ι

66 2676 141 2738 sione
163 2684 320 2760 librorum,
346 2686 457 2746 librum
480 2687 698 2764 expurgationis
724 2707 775 2764 per
798 2687 957 2746 Alfonsum

69 2753 226 2824 Gometium
251 2765 290 2845 de
314 2784 392 2824 anno
419 2765 503 2826 1584.
531 2765 654 2840 editum,
681 2764 770 2824 quta
790 2764 957 2900 ‘Plrigentini

259 2885 261 2890 .
822 2863 842 2902 n
863 2862 916 2902 icis

98 3002 166 3056 ll'cl.
180 3015 231 3064 166.

97 3065 161 3120 *ra
172 3079 210 3136 m,
220 3084 242 3128 a.
253 3083 276 3129 a
288 3083 314 3128 in
325 3083 362 3129 ea
376 3081 484 3137 Salmvri,
499 3081 568 3129 1601.
580 3081 619 3129 foi.
631 3069 670 3140 2'0,
682 3085 704 3130 s.

98 3128 148 3198 llll
156 3141 217 3192 loru.
227 3147 275 3196 Pet
283 3149 312 3196 de
321 3147 442 3208 ferrariis,
461 3147 520 3196 vide
531 3162 637 3211 expurg„
648 3148 673 3196 in
681 3149 732 3197 eod.
745 3149 807 3206 lna,
819 3147 857 3232 sol.
869 3151 921 3206 165,
933 3150 955 3195 b.
