2198 3846
159 291 256 390 §.11
266 289 350 380 Qui
370 291 558 390 negotium
574 290 767 389 susceperit
789 290 990 405 corrigendi
1008 304 1061 364 at·

210 417 279 490 que
306 391 527 490 expurgandi
554 390 821 489 circumspicere
850 390 1003 473 omnio,
1030 393 1061 464 8ι

209 489 343 564 attente
369 504 490 564 notare
518 490 660 573 debet,
686 514 758 563 non
786 489 900 562 colum
927 516 1004 588 quae
1021 479 1093 561 in

208 614 313 662 cursu
330 589 446 687 operis
472 585 657 662 manifeste
684 615 720 661 se
748 588 926 661 offerunt:
952 587 1058 661 sed
1031 613 1062 660 sr

209 714 287 786 quae
313 689 350 762 in
368 687 555 790 scholijs,
547 713 584 760 m
606 688 813 784 summnrijs,
838 687 875 760 in
892 685 1061 784 margini·

207 787 321 872 bus,
312 813 349 860 1n
377 785 551 860 indicibus
577 785 795 894 librorum,
786 812 822 858 1u
849 785 1061 898 praefationi·

208 886 322 970 buo,
314 913 351 959 m
377 887 466 983 epist
452 884 530 958 tolis
559 869 793 982 dedicatorijS,
819 887 986 982 tanquam
1020 883 1062 956 in

148 985 150 990 ’
209 984 343 1082 insidiJ‘s
363 985 585 1058 delitescunt.

162 1127 254 1225 Quae
271 1138 389 1198 autem
416 1123 644 1208 correctione,
671 1132 776 1222 atque
802 1121 1061 1220 expurgatione

209 1225 385 1322 indigent,
403 1224 477 1299 fere
494 1225 560 1299 hec
577 1235 671 1308 sunt,
690 1249 767 1321 qnae
785 1234 993 1358 sequuntur

156 1514 397 1602 Propositioner
419 1515 603 1595 lucentiore,
627 1537 767 1582 erroneae
788 1516 932 1582 hoererim
946 1517 1060 1602 sapien

200 1632 271 1698 ter,
304 1623 502 1687 scandaloroe
513 1633 524 1700 3
550 1623 680 1708 piorum
710 1625 835 1704 aurium
865 1623 1059 1716 rffenciuoe,

200 1729 399 1807 temerarior,
443 1729 472 1814 8]
510 1729 742 1808 schismatum,
774 1731 957 1810 seditiosae,
989 1731 1058 1796 tta-

199 1833 356 1920 eplremae.
1031 1854 1035 1860 “

161 1982 243 2059 Quae
268 1995 379 2049 contro
408 1986 683 2052 Sacramentorum
713 1988 807 2064 ritus,
841 1987 870 2072 8]
910 2009 1059 2054 coeremo-

196 2090 291 2168 niae,
313 2101 486 2180 contraque
515 2105 673 2180 receptum
714 2116 830 2175 crum,
862 2095 891 2180 8]
925 2119 1058 2164 conrue-

198 2198 339 2263 tudinem
368 2197 497 2263 Sonctce
520 2201 677 2264 Rorncnae
703 2199 858 2266 Ecctcriae
882 2204 1057 2270 nouitatem

199 2305 342 2392 utiquam
357 2305 525 2372 inducunt.

154 2452 311 2540 Prosonoe
340 2454 433 2518 etium
470 2455 628 2520 nouitatea
663 2479 774 2522 vocum
811 2458 851 2522 ab
895 2433 1055 2526 decreticir

197 2561 411 2649 excogitatce,
436 2566 463 2644 8·
485 2561 530 2624 od
540 2560 728 2647 sedendum
753 2565 952 2632 introducere.

160 2696 275 2778 Verba¹
292 2712 403 2787 dubia,
433 2713 462 2798 8]
488 2712 657 2801 ambiguo,
687 2737 761 2802 quoe
786 2716 957 2804 legentium
983 2720 1056 2782 ani·

195 2840 284 2897 mor,
307 2820 327 2882 d
353 2830 463 2901 recto,
485 2820 673 2908 catholicoq;
696 2845 813 2902 centu,
836 2825 880 2888 ad
910 2823 1055 2910 effarier

197 2924 389 3009 opiniones,
410 2927 569 2994 adducere
590 2942 748 3036 possunt

160 3070 260 3137 Verbo
288 3093 391 3179 coerce
421 3075 599 3160 Scriptum
627 3100 690 3143 non
714 3079 804 3165 fidel
802 3081 862 3145 iter
895 3082 1055 3166 prolato,

195 3178 248 3242 ccl
272 3162 308 3241 i
322 3179 439 3266 mauis
461 3178 681 3246 hoereticorum
703 3185 902 3250 emtionibus
923 3186 1055 3274 deprom

916 3302 996 3378 pta,
1091 3307 1093 3322 ¹
