2190 3850
48 327 146 404 Libri
174 328 283 404 etiam
313 326 497 402 catholice
522 319 732 428 conscripti,
759 327 832 404 tum
851 328 895 400 ab
913 325 951 398 il·

94 431 154 512 lis,
174 429 238 524 qui
257 443 380 525 postea
401 427 435 497 in
455 427 610 500 haeresim
630 429 714 526 lapsi
732 442 826 510 sunt,
845 429 950 526 quom

96 528 247 610 abillis,
274 527 337 624 qui
355 541 433 624 post
449 526 584 624 lapsum
609 528 653 600 od
681 526 846 602 Ecclesiae
871 553 951 624 gro·

3 629 4 634 ’
95 627 172 699 miu
190 626 341 707 rediere,
369 626 549 722 approbati
575 627 596 698 ὰ
622 625 802 700 Facultate
830 625 951 700 Theo·

2 730 6 759 ¹
96 725 243 822 logica,
286 724 431 796 alicuius
463 723 711 798 Vniuersitatis
748 723 950 804 Catholicae,

97 825 155 896 vel
183 824 228 894 ab
248 821 486 918 inquisitione
508 823 687 919 generali,
716 823 873 922 permitti
890 849 951 922 po·

94 933 232 995 terunt.

237 1160 778 1269 ·ssGVLAv.'

51 1401 154 1474 Libri
179 1399 261 1481 illi,
287 1397 348 1495 qui
374 1397 628 1471 Haereticorum
647 1411 828 1472 auctorum
846 1409 952 1498 opert

99 1500 280 1574 interdum
299 1497 503 1595 prodeunt,
533 1497 569 1568 in
588 1497 716 1594 quibus
731 1498 855 1582 nulla,
889 1511 952 1572 out

87 1600 212 1699 'pauca
238 1598 283 1670 de
310 1621 383 1668 suo
403 1609 610 1693 apponunt:
636 1597 698 1670 sed
723 1596 871 1670 aliorum
898 1598 949 1670 di·

58 1739 74 1754 ·-
98 1713 156 1772 ota
180 1696 368 1792 eolligunt,
385 1695 580 1768 cuiusmodi
604 1710 687 1768 suut
705 1695 848 1778 Lexiem
873 1697 949 1772 'Co-

98 1795 295 1877 oordsntie,
341 1793 638 1891 Apophtegmata,
684 1793 951 1877 Similitudines,

101 1897 255 1986 Indices,
278 1892 537 1975 &huiusmodi
559 1892 589 1963 si
617 1918 694 1988 quae
719 1891 871 1971 habeant
895 1894 954 1964 ad·

69 2057 87 2062 ..
100 1995 224 2078 mixta,
260 2018 337 2090 quae
366 1990 622 2090 expurgatione
651 1989 855 2084 indigeant,
886 1990 954 2062 illis

101 2091 284 2192 Episcopi,
313 2096 341 2164 o
366 2087 586 2186 Inquisitoris
609 2087 680 2159 vno
703 2091 784 2161 oum
816 2088 953 2163 Theolo

99 2188 512 2292 gorum‘Catholicorum
535 2187 678 2261 oonsilio
701 2185 865 2272 sublatis,
892 2202 954 2262 eut

101 2288 298 2369 emendatis
313 2286 574 2386 permittantur.
677 2353 680 2358 .

239 2545 776 2682 nuovLAva
897 2553 902 2562 ’

54 2791 180 2876 Libri,
199 2790 262 2887 qui
278 2813 334 2863 res
351 2785 517 2872 lasciuus,
540 2813 601 2862 seu
620 2791 791 2864 obsoaenas
814 2819 857 2868 ex
874 2819 953 2892 pro·

100 2893 192 2965 sesso
210 2899 372 2970 tractant,
394 2900 557 2970 narrant,
578 2903 639 2961 aut
655 2889 804 2975 docent,
821 2901 866 2965 cu
882 2919 956 2966 non

79 3019 82 3026 ¹
100 2990 215 3063 solum
232 2985 317 3060 fidei
335 3012 344 3058 :
370 2985 477 3060 sed&
496 3011 645 3070 morum,
674 2988 737 3085 qui
754 2989 955 3065 huiusmodi

98 3088 271 3182 librorum
302 3083 453 3158 lectione
480 3084 582 3158 facile
606 3088 784 3186 corrumpi
818 3088 954 3172 solent,

100 3187 190 3262 ratio
222 3183 384 3258 habenda
411 3183 484 3266 sit,
518 3185 662 3258 omniuo
692 3185 955 3291 prohibentur,

877 3289 904 3359 o
