2190 3850
113 304 177 368 xliv
491 297 635 396 Profecit.

154 421 1029 514 InthieBelgiclndex,theDivinesofDouaymaheknown

115 535 132 572 a
144 513 288 592 principle
299 516 333 572 of
346 514 423 574 their
435 523 481 574 art
496 518 531 574 of
540 517 690 589 criticism,
708 516 804 574 which
818 517 843 574 is
855 517 975 594 worthy
991 511 1037 574 of

115 592 262 650 immortal
271 612 413 670 memory.
428 594 532 653 Under
540 595 590 652 the
597 596 682 653 letter
690 594 725 664 B,
738 599 757 626 “
766 594 806 651 Vt
814 594 891 653 liber
900 595 1027 654 Bert'ra-

115 671 157 728 mi
173 670 273 728 Presb.
288 671 324 728 de
337 691 416 748 corp.
434 672 551 749 &sang
567 673 699 745 Domini,
715 673 832 730 tolerari
844 673 1026 730 emendatus

117 747 529 826 queat,”theirjudgmentis:
548 749 697 810 Olim-in
706 751 859 808 catholicis
869 750 1028 808 veteribus

116 827 182 885 aliis
195 827 340 903 plurimos
352 827 478 886 feramus
498 848 620 902 errores,
641 832 665 886 ἃ
682 836 883 900 extenuemus,
897 847 1026 886 excuse-

116 905 1026 984 mus‚excogitatocommentopersaepenegemus,&commoda

115 985 152 1042 iis
167 1001 286 1042 sonsum
300 984 482 1060 affingamus,
492 984 531 1040 dn
542 992 708 1062 opponsstnr
717 985 749 1042 in
757 983 1023 1061 disputationibus,

12 1069 14 1072 ’
117 1061 212 1120 autin
226 1061 462 1120 conflictionibue
476 1070 512 1120 cd
524 1062 717 1121 aduersariis:
733 1082 793 1121 non
806 1063 951 1136 videmus,
966 1082 1026 1121 cur

115 1159 177 1200 non
186 1140 308 1200 eandem
322 1139 491 1218 aequitatem
502 1143 526 1200 δι
537 1140 705 1217 diligentem
715 1140 945 1217 recognitionem
956 1157 1022 1198 me-

116 1225 215 1278 reatur
225 1217 413 1288 Bertramus3
429 1239 466 1276 ne
477 1218 598 1292 heretici
605 1219 782 1296 ogganniant
792 1237 846 1276 nos
855 1219 920 1276 'anti
942 1217 1022 1276 uita-

117 1305 177 1354 tem
199 1315 253 1374 pro
274 1296 345 1372 ipsis
364 1295 519 1354 facientem
539 1317 660 1355 exurere
680 1300 705 1355 &
724 1296 901 1373 prohibere:
922 1238 1022 1354 ic.—

118 1374 189 1448 The,
202 1373 296 1432 whole
313 1373 413 1432 article
430 1373 455 1432 is
474 1395 491 1431 a
509 1373 698 1452 magnificent
709 1375 825 1450 eample
842 1375 878 1432 ol'
892 1373 1021 1434 Romieh

119 1451 243 1528 fidelity.
285 1450 350 1510 The
364 1451 491 1511 Censors
501 1452 611 1528 having
624 1453 700 1510 done
711 1453 789 1510 what
799 1453 870 1529 they
883 1452 971 1510 could
986 1452 1020 1510 in

118 1529 169 1588 the
189 1547 251 1606 way
265 1529 300 1587 of
309 1528 484 1608 exposition,
498 1549 547 1588 are
565 1530 683 1607 obliged
700 1537 732 1588 to
749 1529 865 1608 dispone
887 1530 922 1588 of
937 1550 1021 1588 some

118 1627 191 1685 very
203 1606 402 1666 troublesome
415 1627 560 1684 passages,
574 1607 615 1684 by
629 1607 733 1685 saying
749 1608 813 1666 that
829 1609 899 1684 they
912 1626 959 1666 are
972 1608 1020 1666 in·

117 1685 332 1764 terpolatione:
353 1685 431 1743 Non
452 1687 531 1744 malt
555 1695 613 1744 aut
638 1686 809 1744 inconsulto
834 1687 1021 1744 mittantur

119 1765 219 1839 igitar
240 1764 345 1822 omnia
364 1763 444 1822 Itaec.
457 1807 464 1822 .
476 1805 504 1822 ..
549 1764 717 1841 According
728 1772 759 1823 to
774 1761 863 1838 Cave,
877 1763 1019 1823 Batramn

119 1843 199 1900 lived
218 1841 249 1900 in
268 1843 318 1900 the
330 1861 399 1918 year
411 1842 478 1900 840.
520 1840 695 1902 Bellarminh
711 1863 787 1920 seye,
801 1843 865 1901 that
879 1843 955 1901 circa
968 1861 1015 1901 an.
1033 1877 1035 1879 ·

121 1921 190 1991 886,
205 1924 224 1952 ‘⁶
236 1920 267 1978 in
281 1920 511 1978 controuersiam
525 1939 630 1979 vocare
644 1919 742 1998 coepit,
757 1941 795 1980 an
814 1928 890 1979 esset
903 1919 968 1978 vere
986 1920 1018 1980 in

119 1997 306 2072 Eucharistia
324 1999 398 2056 illud
413 1998 511 2076 ipsum
524 2018 630 2075 corpus
651 1999 783 2072 Domini,
802 1999 882 2076 quod
901 1998 936 2056 de
949 1996 1019 2057 Vir-

119 2079 188 2156 gine
208 2085 310 2134 natum
329 2075 420 2135 erat.''
462 2076 519 2134 His
539 2075 619 2134 book
637 2076 691 2134 has
714 2077 924 2155 consequently
947 2076 1018 2135 been

119 2153 298 2234 prohibited,
313 2153 390 2211 from
399 2154 449 2211 the
458 2153 528 2211 time
538 2153 573 2211 of
582 2153 654 2212 Paul
668 2153 722 2212 IV.
754 2155 897 2214 Gretser's
908 2155 1018 2214 maxim

120 2235 146 2292 is
164 2233 198 2291 of
207 2233 257 2290 the
276 2238 387 2310 ultmost
403 2231 603 2310 importance:
626 2231 705 2290 Dum
739 2231 891 2292 rohibetur
905 2232 1018 2290 Bertra·

120 2331 197 2382 mue,
215 2329 291 2386 nego
307 2307 458 2388 prohiberi
471 2309 605 2368 Patrem:
628 2309 706 2368 Nam
718 2252 861 2369 licclesiae
873 2318 954 2388 pater
967 2309 1018 2369 ille

122 2389 240 2458 dicitur,
260 2387 313 2466 qui
332 2386 493 2444 Ecclesiam
513 2386 633 2446 salutari
651 2387 784 2446 doctrina
805 2387 858 2446 alit
876 2388 901 2444 a
917 2389 1017 2466 pascit,

123 2467 175 2546 qui
196 2485 283 2542 snper
303 2465 445 2522 familiam
458 2465 579 2523 Domini
595 2465 782 2536 constitutum
797 2466 847 2524 dat
860 2467 887 2523 ei
900 2463 933 2523 in
946 2475 1018 2524 tcm-

115 2563 197 2624 pore
220 2543 317 2601 tritici
341 2561 527 2602 mensuram.
566 2541 632 2601 ,Iam
652 2563 721 2620 ergo
742 2544 768 2602 si
788 2563 841 2620 pro
861 2543 1018 2604 salutiferae

122 2623 265 2682 doctrinae
278 2620 397 2698 pabulo,
413 2621 436 2676 &
451 2641 504 2698 pro
518 2641 656 2680 mensura
666 2620 756 2680 tritici
769 2621 872 2680 offerat
885 2625 909 2680 a
923 2621 1018 2680 adme·

121 2703 212 2761 tiatur
224 2699 329 2760 lolium
342 2699 367 2756 81
381 2697 502 2770 zizania,
515 2702 539 2757 δι
552 2719 756 2776 peruensorum
771 2699 909 2776 dogmata
920 2700 1019 2778 lappas

124 2781 149 2836 ἃ
171 2773 315 2848 tribulos3
342 2785 460 2835 eatenus
480 2796 541 2835 non
561 2784 643 2854 pater
656 2785 709 2848 est,
731 2777 783 2836 aed
798 2777 939 2848 vitricus;
959 2797 1019 2837 non

123 2859 237 2929 doctor,
257 2854 308 2914 sed
327 2855 483 2914 seductor:
508 2855 631 2934 &quod
647 2855 718 2918 hinc
743 2855 1018 2992 sequitnrfifiuando

813 2953 867 3010 pro
890 2953 900 2990 1
921 2942 981 2993 etur

156 3127 168 3161 ¹¹
180 3133 217 3177 De
228 3130 280 3175 Soc.
292 3128 373 3182 Euch,
385 3127 425 3172 lib.
438 3128 457 3172 1.
470 3141 521 3188 cap.
535 3128 556 3172 1.
568 3127 610 3172 col.
623 3108 681 3172 450.ι
690 3125 758 3171 Οοηῖ.
770 3124 880 3187 Archiep.
890 3125 1017 3186 Spalatena.

124 3199 161 3245 Da
172 3196 257 3257 Repvb.
266 3193 355 3240 Eccles.
369 3193 397 3238 P.
410 3191 442 3238 ll.
455 3207 477 3252 p.
490 3191 545 3238 251.
564 3191 638 3237 hond.
652 3191 779 3237 MDCXX.
